@inproceedings{shahroudy2016ntu,
  title     = {Ntu rgb+ d: A large scale dataset for 3d human activity analysis},
  author    = {Shahroudy, Amir and Liu, Jun and Ng, Tian-Tsong and Wang, Gang},
  booktitle = {Proceedings of the IEEE conference on computer vision and pattern recognition},
  pages     = {1010--1019},
  year      = {2016}
}

@article{li2011human,
  title     = {Human action recognition based on template matching},
  author    = {Li, Chengyou and Hua, Tao},
  journal   = {Procedia Engineering},
  volume    = {15},
  pages     = {2824--2830},
  year      = {2011},
  publisher = {Elsevier}
}

@article{nguyen2014stap,
  title     = {STAP: Spatial-temporal attention-aware pooling for action recognition},
  author    = {Nguyen, Tam V and Song, Zheng and Yan, Shuicheng},
  journal   = {IEEE Transactions on Circuits and Systems for Video Technology},
  volume    = {25},
  number    = {1},
  pages     = {77--86},
  year      = {2014},
  publisher = {IEEE}
}

@inproceedings{dalal2005histograms,
  title        = {Histograms of oriented gradients for human detection},
  author       = {Dalal, Navneet and Triggs, Bill},
  booktitle    = {2005 IEEE computer society conference on computer vision and pattern recognition (CVPR'05)},
  volume       = {1},
  pages        = {886--893},
  year         = {2005},
  organization = {IEEE}
}

@inproceedings{simonyan2014two,
  title     = {Two-stream convolutional networks for action recognition in videos},
  author    = {Simonyan, Karen and Zisserman, Andrew},
  booktitle = {Advances in neural information processing systems},
  pages     = {568--576},
  year      = {2014}
}

@inproceedings{liu2020disentangling,
  title     = {Disentangling and Unifying Graph Convolutions for Skeleton-Based Action Recognition},
  author    = {Liu, Ziyu and Zhang, Hongwen and Chen, Zhenghao and Wang, Zhiyong and Ouyang, Wanli},
  booktitle = {Proceedings of the IEEE/CVF Conference on Computer Vision and Pattern Recognition},
  pages     = {143--152},
  year      = {2020}
}